
@book{morris2016infrastructure,
 title={Infrastructure as Code: Managing Servers in the Cloud},
 author={Morris, K.},
 isbn={9781491924396},
 series={Safari Books Online},
 url={https://books.google.com/books?id=BIhRDAAAQBAJ},
 year={2016},
 publisher={O'Reilly Media}
}
